<?xml version="1.0" encoding="UTF-8"?><record xmlns="http://www.loc.gov/MARC21/slim" xmlns:cinclude="http://apache.org/cocoon/include/1.0" xmlns:zs="http://www.loc.gov/zing/srw/">
  <leader>00420cz  a2200145n  4500</leader>
  <controlfield tag="001">n 2013025237</controlfield>
  <controlfield tag="003">DLC</controlfield>
  <controlfield tag="005">20130504075056.0</controlfield>
  <controlfield tag="008">130503n| azannaabn          |n aaa      </controlfield>
  <datafield tag="010" ind1=" " ind2=" ">
    <subfield code="a">n 2013025237</subfield>
  </datafield>
  <datafield tag="040" ind1=" " ind2=" ">
    <subfield code="a">DLC</subfield>
    <subfield code="b">eng</subfield>
    <subfield code="e">rda</subfield>
    <subfield code="c">DLC</subfield>
  </datafield>
  <datafield tag="046" ind1=" " ind2=" ">
    <subfield code="k">1938</subfield>
    <subfield code="l">1939</subfield>
  </datafield>
  <datafield tag="100" ind1="1" ind2=" ">
    <subfield code="a">Haubiel, Charles,</subfield>
    <subfield code="d">1892-1978.</subfield>
    <subfield code="t">Miniatures</subfield>
  </datafield>
  <datafield tag="670" ind1=" " ind2=" ">
    <subfield code="a">New Grove online, May 3, 2013</subfield>
    <subfield code="b">(Miniatures, str, 1938-9)</subfield>
  </datafield>
  <datafield tag="670" ind1=" " ind2=" ">
    <subfield code="a">Miniatures, for orchestra, 1943?</subfield>
  </datafield>
</record>